13600000         201039011000148000000000000000000000160550000006688055 UNICRED DESBRAVADORA          Unicred do Brasil                       20505202623221800000103000000                                                                     
13600011E0440033 237092326000104000000000000000000000160550000006688055 SOCIEDADE PARANAENSE DE MEDICI                                        02042026000000000000000000CFBRL00001                                                              
1360001300001E   237092326000104000000000000000000000160550000006688055 SOCIEDADE PARANAENSE DE MEDICI                                        07042026000000000005547333C2055001CRED RECEBIMENTO PIX     CRED PIX / SOCIEDADE PARANAENSE DE MEDI
1360001300002E   237092326000104000000000000000000000160550000006688055 SOCIEDADE PARANAENSE DE MEDICI                                        07042026000000000002099755C2055001CRED RECEBIMENTO PIX     CRED PIX / SOCIEDADE PARANAENSE DE MEDI
1360001300003E   237092326000104000000000000000000000160550000006688055 SOCIEDADE PARANAENSE DE MEDICI                                        08042026000000000000008000D1042075INTEGR PARC CAPIT        10007                                  
1360001300004E   237092326000104000000000000000000000160550000006688055 SOCIEDADE PARANAENSE DE MEDICI                                        08042026000000000000008000D1042075INTEGR PARC CAPIT        10008                                  
1360001300005E   237092326000104000000000000000000000160550000006688055 SOCIEDADE PARANAENSE DE MEDICI                                        08042026000000000000008000D1042075INTEGR PARC CAPIT        10009                                  
1360001300006E   237092326000104000000000000000000000160550000006688055 SOCIEDADE PARANAENSE DE MEDICI                                        08042026000000000000005150D1046051PJ CONTA PJ 1            600010                                 
1360001300007E   237092326000104000000000000000000000160550000006688055 SOCIEDADE PARANAENSE DE MEDICI                                        08042026000000000000005150D1046051PJ CONTA PJ 1            600011                                 
1360001300008E   237092326000104000000000000000000000160550000006688055 SOCIEDADE PARANAENSE DE MEDICI                                        08042026000000000000005150D1046051PJ CONTA PJ 1            600012                                 
1360001300009E   237092326000104000000000000000000000160550000006688055 SOCIEDADE PARANAENSE DE MEDICI                                        08042026000000000000005150D1046051PJ CONTA PJ 1            600013                                 
1360001300010E   237092326000104000000000000000000000160550000006688055 SOCIEDADE PARANAENSE DE MEDICI                                        08042026000000000000005150D1046051PJ CONTA PJ 1            600014                                 
1360001300011E   237092326000104000000000000000000000160550000006688055 SOCIEDADE PARANAENSE DE MEDICI                                        08042026000000000000005150D1046051PJ CONTA PJ 1            600015                                 
1360001300012E   237092326000104000000000000000000000160550000006688055 SOCIEDADE PARANAENSE DE MEDICI                                        08042026000000000000005150D1046051PJ CONTA PJ 1            600016                                 
1360001300013E   237092326000104000000000000000000000160550000006688055 SOCIEDADE PARANAENSE DE MEDICI                                        09042026000000000008221704C2055001CRED RECEBIMENTO PIX     CRED PIX / SOCIEDADE PARANAENSE DE MEDI
1360001300014E   237092326000104000000000000000000000160550000006688055 SOCIEDADE PARANAENSE DE MEDICI                                        09042026000000000000350000D1041063DEBITO TRANSF PIX        DEB PIX / MATEUS HENRIQUE GARMUS  LTDA 
1360001300015E   237092326000104000000000000000000000160550000006688055 SOCIEDADE PARANAENSE DE MEDICI                                        09042026000000000000500000D1041063DEBITO TRANSF PIX        DEB PIX / CAMILA FERNANDES BORIN       
1360001300016E   237092326000104000000000000000000000160550000006688055 SOCIEDADE PARANAENSE DE MEDICI                                        09042026000000000000075000D1041063DEBITO TRANSF PIX        DEB PIX / 54452306 NICOLLY SILVA       
1360001300017E   237092326000104000000000000000000000160550000006688055 SOCIEDADE PARANAENSE DE MEDICI                                        09042026000000000000225000D1041063DEBITO TRANSF PIX        DEB PIX / 64 765 393 JORGE HADUAN NASCI
1360001300018E   237092326000104000000000000000000000160550000006688055 SOCIEDADE PARANAENSE DE MEDICI                                        09042026000000000000075000D1041063DEBITO TRANSF PIX        DEB PIX / 62024904 MARLEI KAUFMANN     
1360001300019E   237092326000104000000000000000000000160550000006688055 SOCIEDADE PARANAENSE DE MEDICI                                        09042026000000000000058182D1041655LIQ TIT - IB             3709232600 / Condominio Duque Hal      
1360001300020E   237092326000104000000000000000000000160550000006688055 SOCIEDADE PARANAENSE DE MEDICI                                        09042026000000000000081900D1041063DEBITO TRANSF PIX        DEB PIX / VISAO ASSESSORIA EM HIGIENE E
1360001300021E   237092326000104000000000000000000000160550000006688055 SOCIEDADE PARANAENSE DE MEDICI                                        09042026000000000000400000D1041063DEBITO TRANSF PIX        DEB PIX / 63901533 MARIA EDUARDA MAESTA
1360001300022E   237092326000104000000000000000000000160550000006688055 SOCIEDADE PARANAENSE DE MEDICI                                        09042026000000000000024800D1041063DEBITO TRANSF PIX        DEB PIX / VISAO ASSESSORIA EM HIGIENE E
1360001300023E   237092326000104000000000000000000000160550000006688055 SOCIEDADE PARANAENSE DE MEDICI                                        09042026000000000000950000D1041655LIQ TIT - IB             3709232600 / Pega Plantao              
1360001300024E   237092326000104000000000000000000000160550000006688055 SOCIEDADE PARANAENSE DE MEDICI                                        09042026000000000000046452D1041063DEBITO TRANSF PIX        DEB PIX / MARIA LUIZA FERRACIOLI MARQUE
1360001300025E   237092326000104000000000000000000000160550000006688055 SOCIEDADE PARANAENSE DE MEDICI                                        09042026000000000000013000D1041063DEBITO TRANSF PIX        DEB PIX / Joao Henrique De Britto Gozzo
1360001300026E   237092326000104000000000000000000000160550000006688055 SOCIEDADE PARANAENSE DE MEDICI                                        09042026000000000000068000D1041655LIQ TIT - IB             3709232600 / contabilidade SPM Me      
1360001300027E   237092326000104000000000000000000000160550000006688055 SOCIEDADE PARANAENSE DE MEDICI                                        09042026000000000000168000D1041655LIQ TIT - IB             3709232600 / Contabilidade SPM         
1360001300028E   237092326000104000000000000000000000160550000006688055 SOCIEDADE PARANAENSE DE MEDICI                                        09042026000000000000058046D1041655LIQ TIT - IB             3709232600 / Cond Duque Hall 705       
1360001300029E   237092326000104000000000000000000000160550000006688055 SOCIEDADE PARANAENSE DE MEDICI                                        09042026000000000000008853D1041655LIQ TIT - IB             3709232600 / 04368898000106 - COPEL-DIS
1360001300030E   237092326000104000000000000000000000160550000006688055 SOCIEDADE PARANAENSE DE MEDICI                                        09042026000000000000072016D1041655LIQ TIT - IB             3709232600 / 04368898000106 - COPEL-DIS
1360001300031E   237092326000104000000000000000000000160550000006688055 SOCIEDADE PARANAENSE DE MEDICI                                        09042026000000000000004800D1041655LIQ TIT - IB             3709232600 / 11317564000179 - REI DO TI
1360001300032E   237092326000104000000000000000000000160550000006688055 SOCIEDADE PARANAENSE DE MEDICI                                        09042026000000000000411647D1041655LIQ TIT - IB             3709232600 / cond sala nova            
1360001300033E   237092326000104000000000000000000000160550000006688055 SOCIEDADE PARANAENSE DE MEDICI                                        09042026000000000000013185D1041655LIQ TIT - IB             3709232600 / Coworking SC              
1360001300034E   237092326000104000000000000000000000160550000006688055 SOCIEDADE PARANAENSE DE MEDICI                                        09042026000000000000024894D1041655LIQ TIT - IB             3709232600 / 75771477000170 - MUNICIPIO
1360001300035E   237092326000104000000000000000000000160550000006688055 SOCIEDADE PARANAENSE DE MEDICI                                        09042026000000000000041708D1041655LIQ TIT - IB             3709232600 / Prod Piscina Casa Dr      
1360001300036E   237092326000104000000000000000000000160550000006688055 SOCIEDADE PARANAENSE DE MEDICI                                        09042026000000000000122996D1041655LIQ TIT - IB             3709232600 / Cond Casa Dr Hugo         
1360001300037E   237092326000104000000000000000000000160550000006688055 SOCIEDADE PARANAENSE DE MEDICI                                        09042026000000000000200000D1041063DEBITO TRANSF PIX        DEB PIX / N I ALVES DOS REIS           
1360001300038E   237092326000104000000000000000000000160550000006688055 SOCIEDADE PARANAENSE DE MEDICI                                        09042026000000000000007087D1041655LIQ TIT - IB             3709232600 / 04368898000106 - COPEL-DIS
1360001300039E   237092326000104000000000000000000000160550000006688055 SOCIEDADE PARANAENSE DE MEDICI                                        09042026000000000000077464D1041655LIQ TIT - IB             3709232600 / 04368898000106 - COPEL-DIS
1360001300040E   237092326000104000000000000000000000160550000006688055 SOCIEDADE PARANAENSE DE MEDICI                                        09042026000000000001000000D1041075TRANSF TEF PIX           6688616 / GABRIELLY CAROLINE SEMMER    
1360001300041E   237092326000104000000000000000000000160550000006688055 SOCIEDADE PARANAENSE DE MEDICI                                        09042026000000000000397510D1041655LIQ TIT - IB             3709232600 / 11317564000179 - REI DO TI
1360001300042E   237092326000104000000000000000000000160550000006688055 SOCIEDADE PARANAENSE DE MEDICI                                        09042026000000000000008853D1041655LIQ TIT - IB             3709232600 / 04368898000106 - COPEL-DIS
1360001300043E   237092326000104000000000000000000000160550000006688055 SOCIEDADE PARANAENSE DE MEDICI                                        09042026000000000000072420D1041655LIQ TIT - IB             3709232600 / Cond Casa Gaby            
1360001300044E   237092326000104000000000000000000000160550000006688055 SOCIEDADE PARANAENSE DE MEDICI                                        10042026000000000010759953C2055001CRED RECEBIMENTO PIX     CRED PIX / SOCIEDADE PARANAENSE DE MEDI
1360001300045E   237092326000104000000000000000000000160550000006688055 SOCIEDADE PARANAENSE DE MEDICI                                        10042026000000000001100000D1041063DEBITO TRANSF PIX        DEB PIX / RAMON PONCE  SOCIEDADE INDIVI
1360001300046E   237092326000104000000000000000000000160550000006688055 SOCIEDADE PARANAENSE DE MEDICI                                        10042026000000000000940000D1041063DEBITO TRANSF PIX        DEB PIX / Pedro Henrique de Oliveira De
1360001300047E   237092326000104000000000000000000000160550000006688055 SOCIEDADE PARANAENSE DE MEDICI                                        10042026000000000000239701D1041655LIQ TIT - IB             3709232600 / 75222224000147 - UNIMED DE
1360001300048E   237092326000104000000000000000000000160550000006688055 SOCIEDADE PARANAENSE DE MEDICI                                        10042026000000000000060000D1041063DEBITO TRANSF PIX        DEB PIX / MARIA ROSENILDA DA SILVA ARCH
1360001300049E   237092326000104000000000000000000000160550000006688055 SOCIEDADE PARANAENSE DE MEDICI                                        10042026000000000000023000D1041655LIQ TIT - IB             3709232600 / 53279771000126 - LAGOA AZU
1360001300050E   237092326000104000000000000000000000160550000006688055 SOCIEDADE PARANAENSE DE MEDICI                                        10042026000000000000024418D1041723ARREC CONVENIO           Convenio                               
1360001300051E   237092326000104000000000000000000000160550000006688055 SOCIEDADE PARANAENSE DE MEDICI                                        13042026000000000005547333D1041063DEBITO TRANSF PIX        DEB PIX / FD GESTAO INTELIGENTE DE NEGO
1360001300052E   237092326000104000000000000000000000160550000006688055 SOCIEDADE PARANAENSE DE MEDICI                                        13042026000000000001556386D1041063DEBITO TRANSF PIX        DEB PIX / HUGO FERNANDES DAMASCENO     
1360001300053E   237092326000104000000000000000000000160550000006688055 SOCIEDADE PARANAENSE DE MEDICI                                        13042026000000000005155795D1041075TRANSF TEF PIX           6687261 / HUGO FERNANDES DAMASCENO     
1360001300054E   237092326000104000000000000000000000160550000006688055 SOCIEDADE PARANAENSE DE MEDICI                                        13042026000000000003862477D1041063DEBITO TRANSF PIX        DEB PIX / Hugo Fernandes Damasceno     
1360001300055E   237092326000104000000000000000000000160550000006688055 SOCIEDADE PARANAENSE DE MEDICI                                        13042026000000000002500000D1041063DEBITO TRANSF PIX        DEB PIX / MAGMA COMERCIO DE MATERIAIS D
1360001300056E   237092326000104000000000000000000000160550000006688055 SOCIEDADE PARANAENSE DE MEDICI                                        13042026000000000003862477C2055003ESTORNO PIX PAGO         DEB PIX / Hugo Fernandes Damasceno     
1360001300057E   237092326000104000000000000000000000160550000006688055 SOCIEDADE PARANAENSE DE MEDICI                                        14042026000000000003504647C2055001CRED RECEBIMENTO PIX     CRED PIX / SOCIEDADE PARANAENSE DE MEDI
1360001300058E   237092326000104000000000000000000000160550000006688055 SOCIEDADE PARANAENSE DE MEDICI                                        14042026000000000000051926D1041063DEBITO TRANSF PIX        DEB PIX / pedro henrique oliveira de ar
1360001300059E   237092326000104000000000000000000000160550000006688055 SOCIEDADE PARANAENSE DE MEDICI                                        15042026000000000000250000D1041063DEBITO TRANSF PIX        DEB PIX / HOAM DIGITAL LTDA            
1360001300060E   237092326000104000000000000000000000160550000006688055 SOCIEDADE PARANAENSE DE MEDICI                                        15042026000000000000013990D1041061DEBITO PAGAMENTO PIX     PGTO PIX / NETDIGITAL TELECOMUNICACOES 
1360001300061E   237092326000104000000000000000000000160550000006688055 SOCIEDADE PARANAENSE DE MEDICI                                        15042026000000000000187953D1041063DEBITO TRANSF PIX        DEB PIX / Nicolle Isabele Alves dos Rei
1360001300062E   237092326000104000000000000000000000160550000006688055 SOCIEDADE PARANAENSE DE MEDICI                                        15042026000000000000045000D1041655LIQ TIT - IB             3709232600 / 06164572000192 - ASSOCIACA
1360001300063E   237092326000104000000000000000000000160550000006688055 SOCIEDADE PARANAENSE DE MEDICI                                        15042026000000000000102600D1041655LIQ TIT - IB             3709232600 / Correios                  
1360001300064E   237092326000104000000000000000000000160550000006688055 SOCIEDADE PARANAENSE DE MEDICI                                        15042026000000000000014358D1041655LIQ TIT - IB             3709232600 / 13726076000140 - OXI COMUN
1360001300065E   237092326000104000000000000000000000160550000006688055 SOCIEDADE PARANAENSE DE MEDICI                                        15042026000000000000042144D1041655LIQ TIT - IB             3709232600 / Plano de Saude Nicolle Rei
1360001300066E   237092326000104000000000000000000000160550000006688055 SOCIEDADE PARANAENSE DE MEDICI                                        15042026000000000000027801D1041655LIQ TIT - IB             3709232600 / Pagamento Plano de Saude M
1360001300067E   237092326000104000000000000000000000160550000006688055 SOCIEDADE PARANAENSE DE MEDICI                                        15042026000000000000196623D1041655LIQ TIT - IB             3709232600 / Aluguel Gabrielly         
1360001300068E   237092326000104000000000000000000000160550000006688055 SOCIEDADE PARANAENSE DE MEDICI                                        15042026000000000000019113D1041655LIQ TIT - IB             3709232600 / Plano de Saude Gabrielly  
1360001300069E   237092326000104000000000000000000000160550000006688055 SOCIEDADE PARANAENSE DE MEDICI                                        15042026000000000000047452D1041655LIQ TIT - IB             3709232600 / 12499520000170 - CLICKSIGN
1360001300070E   237092326000104000000000000000000000160550000006688055 SOCIEDADE PARANAENSE DE MEDICI                                        15042026000000000000020523D1041655LIQ TIT - IB             3709232600 / Plano de Saude Nicolly Sil
1360001300071E   237092326000104000000000000000000000160550000006688055 SOCIEDADE PARANAENSE DE MEDICI                                        16042026000000000000012383D1041723ARREC CONVENIO           Convenio                               
1360001300072E   237092326000104000000000000000000000160550000006688055 SOCIEDADE PARANAENSE DE MEDICI                                        16042026000000000000567304C2055001CRED RECEBIMENTO PIX     CRED PIX / SOCIEDADE PARANAENSE DE MEDI
1360001300073E   237092326000104000000000000000000000160550000006688055 SOCIEDADE PARANAENSE DE MEDICI                                        16042026000000000000013890D1041655LIQ TIT - IB             3709232600 / LICITACAO                 
1360001300074E   237092326000104000000000000000000000160550000006688055 SOCIEDADE PARANAENSE DE MEDICI                                        16042026000000000000045000D1041655LIQ TIT - IB             3709232600 / IMPRESSORA                
1360001300075E   237092326000104000000000000000000000160550000006688055 SOCIEDADE PARANAENSE DE MEDICI                                        16042026000000000000053225D1041655LIQ TIT - IB             3709232600 / TUBARAO LIMPEZA           
1360001300076E   237092326000104000000000000000000000160550000006688055 SOCIEDADE PARANAENSE DE MEDICI                                        17042026000000000006000000C2055001CRED RECEBIMENTO PIX     CRED PIX / SOCIEDADE PARANAENSE DE MEDI
1360001300077E   237092326000104000000000000000000000160550000006688055 SOCIEDADE PARANAENSE DE MEDICI                                        17042026000000000006000000D1041063DEBITO TRANSF PIX        DEB PIX / MAGMA COMERCIO DE MATERIAIS D
1360001300078E   237092326000104000000000000000000000160550000006688055 SOCIEDADE PARANAENSE DE MEDICI                                        17042026000000000000700000D1041063DEBITO TRANSF PIX        DEB PIX / VICTOR DAMASCENO OLIVEIRA TEC
1360001300079E   237092326000104000000000000000000000160550000006688055 SOCIEDADE PARANAENSE DE MEDICI                                        17042026000000000000700000C2055002CRED REC DEV PIX         CRD DEVPIX / SOCIEDADE PARANAENSE DE ME
1360001300080E   237092326000104000000000000000000000160550000006688055 SOCIEDADE PARANAENSE DE MEDICI                                        17042026000000000000225000D1041063DEBITO TRANSF PIX        DEB PIX / 64 765 393 JORGE HADUAN NASCI
1360001300081E   237092326000104000000000000000000000160550000006688055 SOCIEDADE PARANAENSE DE MEDICI                                        17042026000000000000060000D1041063DEBITO TRANSF PIX        DEB PIX / MARIA ROSENILDA DA SILVA ARCH
1360001300082E   237092326000104000000000000000000000160550000006688055 SOCIEDADE PARANAENSE DE MEDICI                                        17042026000000000000005000D1041063DEBITO TRANSF PIX        DEB PIX / STELA RAMOS DA SILVA         
1360001300083E   237092326000104000000000000000000000160550000006688055 SOCIEDADE PARANAENSE DE MEDICI                                        17042026000000000003862477D1041063DEBITO TRANSF PIX        DEB PIX / Hugo Fernandes Damasceno     
1360001300084E   237092326000104000000000000000000000160550000006688055 SOCIEDADE PARANAENSE DE MEDICI                                        17042026000000000003862477C2055003ESTORNO PIX PAGO         DEB PIX / Hugo Fernandes Damasceno     
1360001300085E   237092326000104000000000000000000000160550000006688055 SOCIEDADE PARANAENSE DE MEDICI                                        17042026000000000003862477D1041063DEBITO TRANSF PIX        DEB PIX / HUGO FERNANDES DAMASCENO     
1360001300086E   237092326000104000000000000000000000160550000006688055 SOCIEDADE PARANAENSE DE MEDICI                                        20042026000000000000025000D1041063DEBITO TRANSF PIX        DEB PIX / 64 765 393 JORGE HADUAN NASCI
1360001300087E   237092326000104000000000000000000000160550000006688055 SOCIEDADE PARANAENSE DE MEDICI                                        22042026000000000000208441D1041061DEBITO PAGAMENTO PIX     PGTO PIX / CAIXA ECONOMICA FEDERAL     
1360001300088E   237092326000104000000000000000000000160550000006688055 SOCIEDADE PARANAENSE DE MEDICI                                        22042026000000000000123568D1041723ARREC CONVENIO           Convenio / DARF IRRF                   
1360001300089E   237092326000104000000000000000000000160550000006688055 SOCIEDADE PARANAENSE DE MEDICI                                        24042026000000000003663400C2055001CRED RECEBIMENTO PIX     CRED PIX / SOCIEDADE PARANAENSE DE MEDI
1360001300090E   237092326000104000000000000000000000160550000006688055 SOCIEDADE PARANAENSE DE MEDICI                                        24042026000000000000149777D1041063DEBITO TRANSF PIX        DEB PIX / RAMON PONCE  SOCIEDADE INDIVI
1360001300091E   237092326000104000000000000000000000160550000006688055 SOCIEDADE PARANAENSE DE MEDICI                                        24042026000000000000040000D1041063DEBITO TRANSF PIX        DEB PIX / MARIA ROSENILDA DA SILVA ARCH
1360001300092E   237092326000104000000000000000000000160550000006688055 SOCIEDADE PARANAENSE DE MEDICI                                        24042026000000000000162340D1041063DEBITO TRANSF PIX        DEB PIX / Ramon Lima Ponce             
1360001300093E   237092326000104000000000000000000000160550000006688055 SOCIEDADE PARANAENSE DE MEDICI                                        24042026000000000000396419D1041063DEBITO TRANSF PIX        DEB PIX / 54452306 NICOLLY SILVA       
1360001300094E   237092326000104000000000000000000000160550000006688055 SOCIEDADE PARANAENSE DE MEDICI                                        24042026000000000000017795D1041063DEBITO TRANSF PIX        DEB PIX / MATEUS HENRIQUE GARMUS  LTDA 
1360001300095E   237092326000104000000000000000000000160550000006688055 SOCIEDADE PARANAENSE DE MEDICI                                        24042026000000000001322809D1041063DEBITO TRANSF PIX        DEB PIX / N I ALVES DOS REIS           
1360001300096E   237092326000104000000000000000000000160550000006688055 SOCIEDADE PARANAENSE DE MEDICI                                        24042026000000000000119364D1041075TRANSF TEF PIX           6688616 / GABRIELLY CAROLINE SEMMER    
1360001300097E   237092326000104000000000000000000000160550000006688055 SOCIEDADE PARANAENSE DE MEDICI                                        24042026000000000000389080D1041655LIQ TIT - IB             3709232600 / Compra de Equipamentos    
1360001300098E   237092326000104000000000000000000000160550000006688055 SOCIEDADE PARANAENSE DE MEDICI                                        24042026000000000000225978D1041063DEBITO TRANSF PIX        DEB PIX / Pedro Henrique de Oliveira De
1360001300099E   237092326000104000000000000000000000160550000006688055 SOCIEDADE PARANAENSE DE MEDICI                                        24042026000000000000202575D1041063DEBITO TRANSF PIX        DEB PIX / 62024904 MARLEI KAUFMANN     
1360001300100E   237092326000104000000000000000000000160550000006688055 SOCIEDADE PARANAENSE DE MEDICI                                        24042026000000000000265897D1041063DEBITO TRANSF PIX        DEB PIX / 64 765 393 JORGE HADUAN NASCI
1360001300101E   237092326000104000000000000000000000160550000006688055 SOCIEDADE PARANAENSE DE MEDICI                                        24042026000000000000005102D1041655LIQ TIT - IB             3709232600 / Bolsa Licitacoes          
1360001300102E   237092326000104000000000000000000000160550000006688055 SOCIEDADE PARANAENSE DE MEDICI                                        24042026000000000002439685D1041655LIQ TIT - IB             3709232600 / Aluguel sede              
1360001300103E   237092326000104000000000000000000000160550000006688055 SOCIEDADE PARANAENSE DE MEDICI                                        27042026000000000015893348C2055001CRED RECEBIMENTO PIX     CRED PIX / SOCIEDADE PARANAENSE DE MEDI
1360001300104E   237092326000104000000000000000000000160550000006688055 SOCIEDADE PARANAENSE DE MEDICI                                        27042026000000000000115974D1041063DEBITO TRANSF PIX        DEB PIX / Thais Alessandra Rosa        
1360001300105E   237092326000104000000000000000000000160550000006688055 SOCIEDADE PARANAENSE DE MEDICI                                        27042026000000000000093900D1041655LIQ TIT - IB             3709232600 / Digisac SPM 1             
1360001300106E   237092326000104000000000000000000000160550000006688055 SOCIEDADE PARANAENSE DE MEDICI                                        27042026000000000000019500D1041655LIQ TIT - IB             3709232600 / Associacao Dr Hugo        
1360001300107E   237092326000104000000000000000000000160550000006688055 SOCIEDADE PARANAENSE DE MEDICI                                        27042026000000000000013000D1041655LIQ TIT - IB             3709232600 / COWORKING RS              
1360001300108E   237092326000104000000000000000000000160550000006688055 SOCIEDADE PARANAENSE DE MEDICI                                        27042026000000000000043300D1041655LIQ TIT - IB             3709232600 / Digisac SPM2              
1360001300109E   237092326000104000000000000000000000160550000006688055 SOCIEDADE PARANAENSE DE MEDICI                                        27042026000000000000138000D1041655LIQ TIT - IB             3709232600 / Investimento Estudantil   
1360001300110E   237092326000104000000000000000000000160550000006688055 SOCIEDADE PARANAENSE DE MEDICI                                        27042026000000000000078590D1041655LIQ TIT - IB             3709232600 / Omie                      
1360001300111E   237092326000104000000000000000000000160550000006688055 SOCIEDADE PARANAENSE DE MEDICI                                        27042026000000000000102300D1041655LIQ TIT - IB             3709232600 / Digisac SPM1              
1360001300112E   237092326000104000000000000000000000160550000006688055 SOCIEDADE PARANAENSE DE MEDICI                                        27042026000000000000029637D1041655LIQ TIT - IB             3709232600 / Seguro Dr Hugo            
1360001300113E   237092326000104000000000000000000000160550000006688055 SOCIEDADE PARANAENSE DE MEDICI                                        27042026000000000001284010D1041655LIQ TIT - IB             3709232600 / Aluguel Dr Hugo           
1360001300114E   237092326000104000000000000000000000160550000006688055 SOCIEDADE PARANAENSE DE MEDICI                                        28042026000000000000500000C2055001CRED RECEBIMENTO PIX     CRED PIX / SOCIEDADE PARANAENSE DE MEDI
1360001300115E   237092326000104000000000000000000000160550000006688055 SOCIEDADE PARANAENSE DE MEDICI                                        28042026000000000000500000D1041063DEBITO TRANSF PIX        DEB PIX / HUGO FERNANDES DAMASCENO     
1360001300116E   237092326000104000000000000000000000160550000006688055 SOCIEDADE PARANAENSE DE MEDICI                                        29042026000000000001000000C2055001CRED RECEBIMENTO PIX     CRED PIX / SOCIEDADE PARANAENSE DE MEDI
1360001300117E   237092326000104000000000000000000000160550000006688055 SOCIEDADE PARANAENSE DE MEDICI                                        29042026000000000001000000D1041063DEBITO TRANSF PIX        DEB PIX / PEDRO HENRIQUE DE OLIVEIRA DE
1360001300118E   237092326000104000000000000000000000160550000006688055 SOCIEDADE PARANAENSE DE MEDICI                                        30042026000000000000200000D1041063DEBITO TRANSF PIX        DEB PIX / Pedro Henrique de Oliveira De
1360001300119E   237092326000104000000000000000000000160550000006688055 SOCIEDADE PARANAENSE DE MEDICI                                        30042026000000000034600000C2055001CRED RECEBIMENTO PIX     CRED PIX / SOCIEDADE PARANAENSE DE MEDI
1360001300120E   237092326000104000000000000000000000160550000006688055 SOCIEDADE PARANAENSE DE MEDICI                                        30042026000000000000060000D1041063DEBITO TRANSF PIX        DEB PIX / MARIA ROSENILDA DA SILVA ARCH
1360001300121E   237092326000104000000000000000000000160550000006688055 SOCIEDADE PARANAENSE DE MEDICI                                        30042026000000000002864765D1041063DEBITO TRANSF PIX        DEB PIX / FD GESTAO INTELIGENTE DE NEGO
1360001300122E   237092326000104000000000000000000000160550000006688055 SOCIEDADE PARANAENSE DE MEDICI                                        30042026000000000004869681D1041063DEBITO TRANSF PIX        DEB PIX / HUGO FERNANDES DAMASCENO     
1360001300123E   237092326000104000000000000000000000160550000006688055 SOCIEDADE PARANAENSE DE MEDICI                                        30042026000000000000386367D1041063DEBITO TRANSF PIX        DEB PIX / EVA THAIS ALMERON            
1360001300124E   237092326000104000000000000000000000160550000006688055 SOCIEDADE PARANAENSE DE MEDICI                                        30042026000000000000168683D1041655LIQ TIT - IB             3709232600 / Copel Casa Dr Hugo        
1360001300125E   237092326000104000000000000000000000160550000006688055 SOCIEDADE PARANAENSE DE MEDICI                                        30042026000000000000038720D1041655LIQ TIT - IB             3709232600 / Compra de Eletronicos     
1360001300126E   237092326000104000000000000000000000160550000006688055 SOCIEDADE PARANAENSE DE MEDICI                                        30042026000000000000023507D1041655LIQ TIT - IB             3709232600 / Apolice de Seguro LambariM
1360001300127E   237092326000104000000000000000000000160550000006688055 SOCIEDADE PARANAENSE DE MEDICI                                        30042026000000000001162140D1041655LIQ TIT - IB             3709232600 / Eletronicos               
1360001300128E   237092326000104000000000000000000000160550000006688055 SOCIEDADE PARANAENSE DE MEDICI                                        04052026000000000000008000D1042075INTEGR PARC CAPIT        10010                                  
1360001300129E   237092326000104000000000000000000000160550000006688055 SOCIEDADE PARANAENSE DE MEDICI                                        04052026000000000000019718D1041100ARREC CONVENIOS          Convenio / Multa RHR7E42               
1360001300130E   237092326000104000000000000000000000160550000006688055 SOCIEDADE PARANAENSE DE MEDICI                                        04052026000000000000013303D1041100ARREC CONVENIOS          Convenio / Multa RHR 7E42              
1360001300131E   237092326000104000000000000000000000160550000006688055 SOCIEDADE PARANAENSE DE MEDICI                                        04052026000000000000020549D1041723ARREC CONVENIO           Convenio / Internet 032026             
1360001300132E   237092326000104000000000000000000000160550000006688055 SOCIEDADE PARANAENSE DE MEDICI                                        04052026000000000000013584D1041100ARREC CONVENIOS          Convenio / Multa GAJ7H38               
1360001300133E   237092326000104000000000000000000000160550000006688055 SOCIEDADE PARANAENSE DE MEDICI                                        04052026000000000000019954D1041100ARREC CONVENIOS          Convenio / Multa RHR7E42               
1360001300134E   237092326000104000000000000000000000160550000006688055 SOCIEDADE PARANAENSE DE MEDICI                                        04052026000000000000020273D1041723ARREC CONVENIO           Convenio / Internet 042026             
1360001300135E   237092326000104000000000000000000000160550000006688055 SOCIEDADE PARANAENSE DE MEDICI                                        04052026000000000000013303D1041100ARREC CONVENIOS          Convenio / Multa RHR7E42               
1360001300136E   237092326000104000000000000000000000160550000006688055 SOCIEDADE PARANAENSE DE MEDICI                                        04052026000000000000019718D1041100ARREC CONVENIOS          Convenio / Multa RHR7E42               
1360001300137E   237092326000104000000000000000000000160550000006688055 SOCIEDADE PARANAENSE DE MEDICI                                        04052026000000000000013584D1041100ARREC CONVENIOS          Convenio / Multa GAJ7H38               
1360001300138E   237092326000104000000000000000000000160550000006688055 SOCIEDADE PARANAENSE DE MEDICI                                        04052026000000000000019954D1041100ARREC CONVENIOS          Convenio / Multa Placa RHR 7E42        
1360001300139E   237092326000104000000000000000000000160550000006688055 SOCIEDADE PARANAENSE DE MEDICI                                        04052026000000000000131393D1041100ARREC CONVENIOS          Convenio / Multa GAJ7H38               
1360001300140E   237092326000104000000000000000000000160550000006688055 SOCIEDADE PARANAENSE DE MEDICI                                        04052026000000000000013303D1041100ARREC CONVENIOS          Convenio / Multa RHR 7E42              
1360001300141E   237092326000104000000000000000000000160550000006688055 SOCIEDADE PARANAENSE DE MEDICI                                        04052026000000000000013584D1041100ARREC CONVENIOS          Convenio / Multa GAJ7H38               
1360001300142E   237092326000104000000000000000000000160550000006688055 SOCIEDADE PARANAENSE DE MEDICI                                        04052026000000000000013303D1041100ARREC CONVENIOS          Convenio / Multa RHR7E42               
1360001300143E   237092326000104000000000000000000000160550000006688055 SOCIEDADE PARANAENSE DE MEDICI                                        04052026000000000000005150D1046051PJ CONTA PJ 1            0                                      
1360001300144E   237092326000104000000000000000000000160550000006688055 SOCIEDADE PARANAENSE DE MEDICI                                        04052026000000000012169396D1041723ARREC CONVENIO           Convenio / Guia de Cofins              
1360001300145E   237092326000104000000000000000000000160550000006688055 SOCIEDADE PARANAENSE DE MEDICI                                        04052026000000000000097734D1041723ARREC CONVENIO           Convenio / Guia Pis                    
1360001300146E   237092326000104000000000000000000000160550000006688055 SOCIEDADE PARANAENSE DE MEDICI                                        04052026000000000002328682D1041723ARREC CONVENIO           Convenio / Guia de Retencao            
1360001300147E   237092326000104000000000000000000000160550000006688055 SOCIEDADE PARANAENSE DE MEDICI                                        04052026000000000015411754D1041723ARREC CONVENIO           Convenio / Guia CSLL                   
1360001300148E   237092326000104000000000000000000000160550000006688055 SOCIEDADE PARANAENSE DE MEDICI                                        04052026000000000008401627D1041723ARREC CONVENIO           Convenio / Guia IRPJ                   
1360001300149E   237092326000104000000000000000000000160550000006688055 SOCIEDADE PARANAENSE DE MEDICI                                        04052026000000000000019718C2055100EST ARREC CONV           Convenio / Multa RHR7E42               
1360001300150E   237092326000104000000000000000000000160550000006688055 SOCIEDADE PARANAENSE DE MEDICI                                        04052026000000000000013303C2055100EST ARREC CONV           Convenio / Multa RHR 7E42              
1360001300151E   237092326000104000000000000000000000160550000006688055 SOCIEDADE PARANAENSE DE MEDICI                                        04052026000000000000131393C2055100EST ARREC CONV           Convenio / Multa GAJ7H38               
1360001300152E   237092326000104000000000000000000000160550000006688055 SOCIEDADE PARANAENSE DE MEDICI                                        04052026000000000000013303C2055100EST ARREC CONV           Convenio / Multa RHR7E42               
1360001300153E   237092326000104000000000000000000000160550000006688055 SOCIEDADE PARANAENSE DE MEDICI                                        04052026000000000000019954C2055100EST ARREC CONV           Convenio / Multa Placa RHR 7E42        
1360001300154E   237092326000104000000000000000000000160550000006688055 SOCIEDADE PARANAENSE DE MEDICI                                        04052026000000000000019954C2055100EST ARREC CONV           Convenio / Multa RHR7E42               
1360001300155E   237092326000104000000000000000000000160550000006688055 SOCIEDADE PARANAENSE DE MEDICI                                        04052026000000000000013584C2055100EST ARREC CONV           Convenio / Multa GAJ7H38               
1360001300156E   237092326000104000000000000000000000160550000006688055 SOCIEDADE PARANAENSE DE MEDICI                                        04052026000000000000019718C2055100EST ARREC CONV           Convenio / Multa RHR7E42               
1360001300157E   237092326000104000000000000000000000160550000006688055 SOCIEDADE PARANAENSE DE MEDICI                                        04052026000000000000013303C2055100EST ARREC CONV           Convenio / Multa RHR 7E42              
1360001300158E   237092326000104000000000000000000000160550000006688055 SOCIEDADE PARANAENSE DE MEDICI                                        04052026000000000000013584C2055100EST ARREC CONV           Convenio / Multa GAJ7H38               
1360001300159E   237092326000104000000000000000000000160550000006688055 SOCIEDADE PARANAENSE DE MEDICI                                        04052026000000000000013303C2055100EST ARREC CONV           Convenio / Multa RHR7E42               
1360001300160E   237092326000104000000000000000000000160550000006688055 SOCIEDADE PARANAENSE DE MEDICI                                        04052026000000000000013584C2055100EST ARREC CONV           Convenio / Multa GAJ7H38               
1360001300161E   237092326000104000000000000000000000160550000006688055 SOCIEDADE PARANAENSE DE MEDICI                                        05052026000000000000006000D1041063DEBITO TRANSF PIX        DEB PIX / Joao Henrique De Britto Gozzo
1360001300162E   237092326000104000000000000000000000160550000006688055 SOCIEDADE PARANAENSE DE MEDICI                                        05052026000000000000052000D1041063DEBITO TRANSF PIX        DEB PIX / RAMOS  REZENDE LAVANDERIA LTD
1360001300163E   237092326000104000000000000000000000160550000006688055 SOCIEDADE PARANAENSE DE MEDICI                                        05052026000000000000396120D1041655LIQ TIT - IB             3709232600 / Condominio Centro Jd Sul 0
13600015         237092326000104000000000000000000000160550000006688055                 00000000000000000000000000000000000000000000000000000005052026000000000000094301CF000165000000000100992798000000000101087099                            
13699999         000001000167000001                                                                                                                                                                                                             